<?xml version="1.0" encoding="UTF-8"?><collection xmlns="http://www.loc.gov/MARC21/slim"><record><leader>00453nam--2200145-i-4500</leader><controlfield tag="001">000014658</controlfield><controlfield tag="002">20161230</controlfield><controlfield tag="005">20161230201030</controlfield><controlfield tag="008">060222s1000------------r-----000-0-eng-d</controlfield><datafield ind1=" " ind2=" " tag="080"><subfield code="a">537.611.45:538.97(047.3)</subfield></datafield><datafield ind1=" " ind2=" " tag="100"><subfield code="a">Adachi, Kimio And Shiba, Hiroyuki</subfield></datafield><datafield ind1=" " ind2=" " tag="245"><subfield code="a">Esr due to propagating domain walls in one- dimensional ising - like antiferromagnets</subfield></datafield><datafield ind1=" " ind2=" " tag="260"><subfield code="a">Tokyo, Institute For Solid State Physics, 1981 18 P</subfield></datafield><datafield ind1=" " ind2=" " tag="490"><subfield code="a">1145</subfield></datafield><datafield ind1=" " ind2=" " tag="852"><subfield code="a">19409</subfield></datafield></record></collection>